% BibTeX database for AFT at i3A

%% bibtexfile{
%%  author	= " ",
%%  version	= "1.0",
%%  date	= "10 April 2003",
%%  filename	= "fuzzy.bib",
%%  adress	= "Fachhochschule Trier
%%		   University of Applied Sciences Trier
%%		   Postfach 1826
%%		   D-54208 Trier
%%		   Germany",
%%  email	= "<i3a.fh-trier.de>" }


% How to use this file within an german document!
%
% - set 'german' as global option to documentclass
%   e.g.: '\documentclass[12pt,a4paper,oneside,german,epsfig]{ai-paper}'
% - use package 'babel': '\usepackage{babel}'
% - use package 'bibgerm': '\usepackage{bibgerm}'
% - use bibstyle 'geralpha', 'gerplain', ...
%   e.g.: '\bibliographystyle{geralpha}'
%
% Within this .bib-file use 'and' to specify more than one author. 
% You have to use only the english abbreviations WITHOUT curly brackets
% for months! e.g.: 'jan', 'feb', 'mar', 'apr', 'mai', 'jun', 'jul',
% 'aug', 'sep', 'oct', 'nov', 'dec'.



% Short explanation of entry types:
%
% Article:          An article from a journal or magazine.
% Book:             A Book with an explicit publisher.
% Booklet:          A work that is printed and bound, but without a 
%                   named publisher or sponsoring institution.
% InBook:           A part of a book which may be a chapter (or section
%                   or whatever) and/or a range of pages.
% InCollection:     A part of a book having ots own title.
% InProceedings:    An article in a conference proceedings.
% Manual:           Technical documentation.
% Mastersthesis:    A Master's thesis.
% Misc:             Use this type when nothing else fits.
% PhDthesis:        A PhD thesis.
% Proceedings:      The proceedings of a conference. See also: inproceedings.
% Techreport:       A report published by a school or other institution, 
%                   usally numbered within a series.
%
% Further Information may be found at www.din1505.informationskompetenz.net



%%%%%%%% article
%%
%% An article from a journal or magazine.
%%
%% Required fields:
%% author, title, journal, year
%%
%% Optional fields:
%% volume, number, pages, month, note


%%%%%%%% book
%%
%% A Book with an explicit publisher.
%%
%% Required fields:
%% author or editor, title, publisher, year
%%
%% Optional fields:
%% volume or number, series, address, edition, month, isbn, note
@book{Coulouris:02,
  author	= {George Coulouris and Jean Dollimore and Tim Kindberg},
  title		= {{Verteilte Systeme: Konzepte und Design}},
  publisher	= {Addison-Wesley-Verlag},
  howpublished	= {3. überarbeitete Auflage},
  year		= 2002,
  isbn		= {3-8273-7022-1}
}
@book{TMMM:75,
	author 		= {Frederick P. Brooks JR.},
	title		= {{The Mythical Man-Month: Essays on Software Engineering }},
	publisher	= {Addison-Wesley-Verlag},
	year 		= 1975,
	isbn		= {0-201-00650-2}
	
}

@book{Cormen:90,
  author	= {Thomas H. Cormen and Charles E. Leiserson and Ronald L. Rivest},
  title		= {{Introduction to Algorithms}},
  year		= 1990,
  isbn		= {0-262-03141-8}
}

@book{Heckenthaler:96,
  author	= {Thomas Heckenthaler},
  title		= {{Systematischer Entwurf fast-zeitoptimaler Fuzzy-Regelungen.}},
  publisher	= {Shaker Verlag, Aachen},
  year		= 1996,
}

@book{SSA:12,
	author	= {Nick Rozanski, Eoin Woods},
	title		= {{Software Systems Architecture, Second Edition}},
	publisher	= {Addison-Wesley},
	year		= 2012,
}

@book{CC:09,
	author	= {Robert C. Martin},
	title		= {{Clean Code: a handbook of agile software craftsmanship}},
	publisher	= {Prentice Hall Pearson Education},
	year		= 2009,
}

@book{CA:18,
	author	= {Robert C. Martin},
	title		= {{Clean Architecture: Das Praxis-Handbuch für professionelles Softwaredesign, 1. Auflage}},
	publisher	= {mitp Verlag},
	year		= 2018,
}


@book{OOP:09,
	author	= {Bernhard Lahres, Gregor Rayman},
	title	= {{Objektorientierte Programmierung - Das umfassende Handbuch, Kapitel 3.6 Prinzip 6: Umkehr der Abhängigkeiten}},
	publisher	= {Galileo Computing},
	howpublished = {2., aktualisierte und erweiterte Auflage},
	note   = "\url{http://openbook.rheinwerk-verlag.de/oop/oop_kapitel_03_006.htm} Eingesehen am 02.07.2020",
	year		= 2009,
}

@book{kaps,
	author	= {Bernhard Lahres, Gregor Rayman},
	title	= {{Objektorientierte Programmierung - Das umfassende Handbuch, Kapitel 2.2 Die Kapselung von Daten}},
	publisher	= {Galileo Computing},
	howpublished = {2., aktualisierte und erweiterte Auflage},
	note   = "\url{http://openbook.rheinwerk-verlag.de/oop/oop_kapitel_02_002.htm#mjd081ab77f1ee1d3bf3f15782d17777a4} Eingesehen am 02.07.2020",
	year		= 2009,
}


@inproceedings{extension,
	author = {Klatt, Benjamin and Krogmann, Klaus},
	year = {2008},
	month = {01},
	pages = {11-18},
	title = {Software Extension Mechanisms}
}

@Misc{eclipse,
	title = {Eclipse Documentation, Extensions and Extension Points},
	url = {https://www.ibm.com/support/knowledgecenter/SSQ2R2_14.2.0/org.eclipse.pde.doc.user/concepts/extension.htm},
	note   = "\url{https://www.ibm.com/support/knowledgecenter/SSQ2R2_14.2.0/org.eclipse.pde.doc.user/concepts/extension.htm} Eingesehen am 10.07.2020",

}




@book{SWT:12,
	author	= {Andreas Spillner, Tilo Linz},
	title	= {{Basiswissen Softwaretest}},
	publisher	= {dpunkt.verlag},
	howpublished = {5. überarbeitete und aktualisierte Auflage},
	year		= 2012,
}

@book{meyer,
	author	= {Bertrand Meyer},
	title = {{Object Oriented Software Construction}},
	publisher	= {Prentice Hall},
	year		= 1988,
}


@book{pat,
	author	= {Alexander Shvets},
	title	= {{Dive Into Design Patterns}},
	publisher	= {Selbstverlag},
	howpublished= {v2020-2.22},
	year		=  2020,
}



@ARTICLE {meta,
	author = {R. Djavanshir},
	journal = {IT Professional},
	title = {Exploring Metasystems},
	year = {2014},
	volume = {16},
	number = {06},
	issn = {1941-045X},
	pages = {4-7},
	keywords = {},
	doi = {10.1109/MITP.2014.92},
	publisher = {IEEE Computer Society},
	address = {Los Alamitos, CA, USA},
	month = {nov}
}


@article{barbara,
	author = {Liskov, Barbara},
	title = {Keynote Address - Data Abstraction and Hierarchy},
	year = {1987},
	issue_date = {May 1988},
	publisher = {Association for Computing Machinery},
	address = {New York, NY, USA},
	volume = {23},
	number = {5},
	issn = {0362-1340},
	url = {https://doi.org/10.1145/62139.62141},
	doi = {10.1145/62139.62141},
	journal = {SIGPLAN Not.},
	month = jan,
	pages = "17-34",
	numpages = {18}
}

@article{SAE,
	author = {Barais, Olivier and Meur, Anne-Françoise and Duchien, Laurence and Lawall, Julia},
	year = {2008},
	month = {01},
	pages = {},
	title = {Software Architecture Evolution},
	journal = {Software Evolution},
	doi = {10.1007/978-3-540-76440-3_10}
}

@article{TranSAT,
	author = {Barais, Olivier and Cariou, Eric and Duchien, Laurence and Pessemier, Nicolas and Seinturier, Lionel},
	year = {2004},
	month = {01},
	pages = {},
	title = {TranSAT: A framework for the specification of software architecture evolution}
}

@Misc{dep,
	title = {Dependency Injection - Implementing Constructor Injection},
	author={Richard Carr},
	year=2010,
	url = {http://www.blackwasp.co.uk/DependencyInjection_3.aspx},
	note   = "\url{http://www.blackwasp.co.uk/DependencyInjection_3.aspx} Eingesehen am 11.07.2020",
	
}
@Misc{dep,
	title = {Dependency Injection - Implementing Constructor Injection},
	author={Richard Carr},
	year=2010,
	url = {http://www.blackwasp.co.uk/DependencyInjection_3.aspx},
	note   = "\url{http://www.blackwasp.co.uk/DependencyInjection_3.aspx} Eingesehen am 11.07.2020",
	
}
@Misc{asp,
	title = {Aspect Oriented Programming (AOP) - A case study in Android},
	author={Carlos Anjos},
	year=2013,
	url = {https://image.slidesharecdn.com/aopcodebits2011-130828060131-phpapp01/95/aspect-oriented-programming-aop-a-case-study-in-android-7-638.jpg?cb=1377670302},
	note   = "\url{https://de.slideshare.net/anjosc/aop-codebits2011}",
	
}

@Misc{AOP,
	title = {Aspect Oriented Programming (AOP) },
	url = {https://en.wikipedia.org/wiki/Aspect-oriented_programming},
	note   = "\url{https://en.wikipedia.org/wiki/Aspect-oriented_programming}",
	
}

@article{kour,
	title={A Study on the Role of Software Architecture in the Evolution and Quality of Software},
	author={Ehsan Kouroshfar and Mehdi Mirakhorli and Hamid Bagheri and Lu Xiao and Sam Malek and Yuanfang Cai},
	journal={2015 IEEE/ACM 12th Working Conference on Mining Software Repositories},
	year={2015},
	pages={246-257}
}

%%%%%%%% booklet
%%
%% A work that is printed and bound, but without a named publisher or
%% sponsoring institution.
%%
%% Required fields:
%% title
%%
%% Optional fields:
%% author, howpublished, address, month, year, note



%%%%%%%% inbook
%%
%% A part of a book which may be a chapter (or section or whatever) and/or 
%% a range of pages.
%%
%% Required fields:
%% author or editor, title, chapter and/or pages, publisher, year
%%
%% Optional fields:
%% volume or number, series, type, address, edition, month, note



%%%%%%%% incollection
%%
%% A part of a book having its own title.
%%
%% Required fields:
%% author, title, booktitle, publisher, year
%%
%% Optional fields:
%% editor, volume or number, series, type, chapter, pages, address, 
%% edition, month, note




%%%%%%%% inproceedings
%%
%% An article in a conference preceedings.
%%
%% Required fields:
%% author, title, booktitle, year
%%
%% Optional fields:
%% editor, volume or number, series, pages, address, month, organization, 
%% publisher, note

@misc{Cheriton:85,
    author	= {David R. Cheriton},
    title	= {
    {Preliminary Thoughts on Problem-oriented Shared Memory: A Decentralized Approach to Distributed Systems}
    },
    editor      = {ACM Operating Systems Review},
    organization= {Stanford University},
    year	= 1985,
    number      = {4, Vol. 19},
    pages	= {26-33}
}
@misc{Role,
	author	= {DEhsan Kouroshfar, Mehdi Mirakhorli, Hamid Bagheri, Lu Xiao, Sam Malek, and Yuanfang Cai},
	title	= {
	{A Study on the Role of Software Architecture in
	the Evolution and Quality of Software}
	},
	year	= 2015,

}
@misc{otam,
	author={B. Mitchell and S. Mancoridis},
	title= {{On the automatic modularization of
	software systems using the bunch tool 
	Engineering, vol. 32, no. 3}},
	organisation={IEEE Transactions on Software},
	year=2006,
	number      = {3, Vol. 39},
	pages	= "193-208"
}
@inproceedings{ldrt,
	author = {Cai, Yuanfang and Wang, Hanfei and Wong, Sunny and Wang, Linzhang},
	title = {{Leveraging Design Rules to Improve Software Architecture Recovery}},
	year = {2013},
	isbn = {9781450321266},
	publisher = {Association for Computing Machinery},
	address = {New York, NY, USA},
	url = {https://doi.org/10.1145/2465478.2465480},
	doi = {10.1145/2465478.2465480},
	booktitle = {Proceedings of the 9th International ACM Sigsoft Conference on Quality of Software Architectures},
	pages = "133-142",
	numpages = {10},
	keywords = {architecture recovery, design structure matrix},
	location = {Vancouver, British Columbia, Canada},
	series = "QoSA '13"
}

@inproceedings{acdc,
	author = {Tzerpos, Vassilios and Holt, R. C.},
	title = {{ACDC: An Algorithm for Comprehension-Driven Clustering}},
	year = {2000},
	isbn = {0769508812},
	publisher = {IEEE Computer Society},
	address = {USA},
	booktitle = {{Proceedings of the Seventh Working Conference on Reverse Engineering (WCRE'00)}},
	pages = {258},
	numpages = {1},
	series = "WCRE '00"
}
%%%%%%%% manual
%%
%% Technical documentation.
%%
%% Required fields:
%% title
%%
%% Optional fields:
%% author, editor, organization, address, edition, month, year, note

%%%%%%%% mastersthesis
%%
%% A Master's thesis.
%%
%% Required fields:
%% author, title, school, year
%%
%% Optional fields:
%% type, address, month, note



%%%%%%%% misc
%%
%% Use this type when nothing else fits.
%%
%% Required fields:
%% none.
%%
%% Optional fields:
%% author, title, url, month, year, note

@misc{Wikipedia:00,
	title={{Wikipedia - Online Lexikon}},
	url={de.wikipedia.org/wiki/Speicherseite},
	note={\\ {\url{de.wikipedia.org/wiki/Speicherseite}}}
}
@misc{SSE:00,
	title={{Jargon File: Second-system effect}},
	url={http://catb.org/jargon/html/S/second-system-effect.html},
	note= "\url{http://catb.org/jargon/html/S/second-system-effect.html} eingesehen am 15.07.2020",
}

@misc{Zeller:03,
	author	={Andreas Zeller},
	title		= {{Software-Metriken}},
	url			={www.st.cs.uni-sb.de/edu/se/2003/metriken.pdf},
	note		={Lehrstuhl Softwaretechnik, Universität des Saarlandes, Saarbrücken
						\\ \url{http://www.st.cs.uni-sb.de/edu/se/2003/metriken.pdf}},
	year		={2003}
}


@misc{Janko:04,
	author	={Wolfgang H. Janko and Stefan Koch},
	title		={{Informationswirtschaft 3, Software-Metriken}},
	url			={wwwai.wu-wien.ac.at/~koch/lehre/inf-wirt-3-pi-ws-05/metriken.pdf},
	note		={Institut für Informationsverarbeitung und Informationswirtschaft,
Wirtschaftsuniversität Wien
						\\
\url{http://wwwai.wu-wien.ac.at/~koch/lehre/inf-wirt-3-pi-ws-05/metriken.pdf}},
	year		={2004}
}

@misc{aim42,
	author	= {G. Starke},
	title		={{aim42}},
	url			={http://aim42.github.io/},
	note		={Retrieved from Architecture Improvement Method: \url{http://aim42.github.io/}, eingesehen am 14.07.2020},
}


@misc{improve,
	author	= {G. Starke},
	title		={{Software systematisch verbessern}},
	howpublished = {dotnetpro},
	year =2016,
	url			={https://www.aim42.org/assets/downloads/dnp0916_S032_036.pdf},
	note		={ \url{https://www.aim42.org/assets/downloads/dnp0916_S032_036.pdf}, eingesehen am 14.07.2020},
}




%%%%%%%% phdthesis
%%
%% A PhD thesis.
%%
%% Required fields:
%% author, title, school, year
%% 
%% Optional fields:
%% type, address, month, note

%%%%%%%% proceedings
%%
%% The proceedings of a conference. See also: inproceedings.
%%
%% Required fields:
%% title, year
%%
%% Optional fields:
%% editor, volume or number, series, address, month, organization, publisher, note

%%%%%%%% techreport
%%
%% A report published by a school or other institution, usally 
%% numbered within a series.
%%
%% Required fields:
%% author, title, institution, year
%%
%% Optional fields:
%% type, number, address, month, note


@techreport{Mosberger:93,
  author	= {David Mosberger},
  title		= {{Memory Consistency Models}},
  year		= 1993,
  month		= Nov,
  type		= {Technical Report 93/11},
  institution	= {University of Arizona}
}

@techreport{Malte:97,
  author	= {Peter Malte},
  title		= {{Replikation in Mobil Computing}},
  institution	= {Institut f{\"u}r Telematik der Universit{\"a}t Karlsruhe},
  year		= 1997,
  type		= {Seminar},
  address	= {Karsruhe},
  number	= {No 31/1997},
  url		= {http://www.ubka.uni-karlsruhe.de/cgi-bin/psview?document=/ira/1997/31},
  note={\\{\url{http://www.ubka.uni-karlsruhe.de/cgi-bin/psview?document=/ira/1997/31}}}
}

@techreport{Moser:97,
  author	= {Boris Moser},
  title		= {{Memory Consistency Modelle}},
  institution	= {Institut f{\"u}r Telematik der Universit{\"a}t Karlsruhe},
  year		= 1997,
  type		= {Seminar},
  address	= {Karsruhe},
  number	= {No 31/1997},
  url		= {http://www.ubka.uni-karlsruhe.de/cgi-bin/psview?document=/ira/1997/31},
  note={\\ {\url{http://www.ubka.uni-karlsruhe.de/cgi-bin/psview?document=/ira/1997/31}}}
}

@techreport{Bastian:02,
  author	= {Peter Bastian},
  title		= {{Paralleles Rechnen}},
  year		= 2002,
  type		= {Vorlesungsskript},
  institution	= {Uni Heidelberg},
  url		= {http://hal.iwr.uni-heidelberg.de/~peter/Papers/pr1.pdf},
  note={\\ {\url{http://hal.iwr.uni-heidelberg.de/~peter/Papers/pr1.pdf}}}
}

@techreport{Becker:01,
  author	= {Christoph Becker},
  title		= {{Rechenorganisation der AG Betriebssysteme}},
  type		= {Proseminar},
  year		= 2001,  
  institution	= {Uni Magdeburg},
  url		= {http://ivs.cs.uni-magdeburg.de/bs/lehre/wise0001/proro/sm.html},
  note={\\ {\url{http://ivs.cs.uni-magdeburg.de/bs/lehre/wise0001/proro/sm.html}}}
}

@techreport{Nguyen:03,
  author	= {Van-Phai Nguyen},
  title		= {{Fenite Elemente Methode}},
  year		= 2003,
  type		= {Vorlesungsskript},
  institution	= {FH-Trier}
  }
  @techreport{Schmitz:05,
  author	= {Heinz Schmitz},
  title		= {{Optimierungsprobleme und Approximation}},
  year		= 2005,
  type		= {Vorlesungsskript},
  institution	= {FH-Trier}
}
@inproceedings{varp,
	author = {Di Cola, Simone and Lau, Kung-Kiu and Tran, Cuong and Qian, Chen},
	year = {2015},
	month = {10},
	pages = {},
	title = {Defining Logical Architectures with Variation Points}
}
@article{sepoc,
	author = {Mili, Hafedh and Elkharraz, Amel and Mcheick, Hamid},
	year = {2004},
	month = {01},
	pages = {},
	title = {Understanding separation of concerns}
}

@inproceedings{princ,
	title={Software design principles and practices},
	author={Kirk Kandt},
	year={2003}
}